@book{textbook,
title = "Mathematics: A Discrete Introduction $3^{rd}$ ed.",
author = "Edward A. Scheinerman",
year = "2012",
publisher = "Cengage Learning",
isbn = "978-0-8400-4942-1"
}

@book{sieve,
title = "Nicomachi Geraseni Pythagorei Introductionis arithmeticae libri II",
author = "Nicomachus",
editor = "Richard Hoche",
year = "1866"
}

@article{PNT,
 doi       = {10.1016/0022-314x(76)90096-2},
 title     = {A simple proof of the Prime Number Theorem},
 author    = {S Gerig},
 publisher = {Elsevier Science},
 journal   = {Journal of Number Theory},
 issn      = {0022-314X,1096-1658},
 year      = {1976},
 volume    = {8},
 issue     = {2},
 pages     = {131--136},
 url       = {http://doi.org/10.1016/0022-314x%2876%2990096-2}
}

@article{AKS,
 doi       = {10.4007/annals.2004.160.781},
 title     = {PRIMES is in P},
 author    = {Manindra Agrawal; Neeraj Kayal; Nitin Saxena},
 publisher = {John Hopkins University Press},
 journal   = {Annals of Mathematics},
 issn      = {0003-486X},
 year      = {2004},
 volume    = {160},
 issue     = {2},
 pages     = {781--793},
 url       = {http://doi.org/10.4007/annals.2004.160.781}
}

@article{ECPP,
 doi       = {10.1016/j.jnt.2007.12.009},
 title     = {Elliptic curve primality tests for Fermat and related primes},
 author    = {Robert Denomme; Gordan Savin},
 publisher = {Elsevier Science},
 journal   = {Journal of Number Theory},
 issn      = {0022-314X,1096-1658},
 year      = {2008},
 volume    = {128},
 issue     = {8},
 pages     = {2398--2412},
 url       = {http://doi.org/10.1016/j.jnt.2007.12.009}
}

@article{LL,
 doi       = {10.2307/2324959},
 title     = {A Really Trivial Proof of the Lucas-Lehmer Test},
 author    = {J. W. Bruce},
 publisher = {Mathematical Association of America},
 journal   = {American Mathematical Monthly},
 issn      = {0002-9890,1930-0972},
 year      = {1993},
 volume    = {100},
 issue     = {4},
 pages     = {370--371},
 url       = {http://doi.org/10.2307/2324959}}
 
@online{press,
title = "Mersenne Prime Number discovery - $2^{82589933}-1$ is Prime!",
author = "Mersenne Research Inc.",
url = "https://www.mersenne.org/primes/?press=M82589933",
}

@online{Lucas,
title = "Prime Curios: 17014...05727 (39-digits)",
url = "http://primes.utm.edu/curios/page.php?number_id=135"}

@online{OEIS668,
title = "OEIS A000668: Mersenne primes (of form $2^p - 1$ where $p$ is a prime)",
url = "https://oeis.org/A000668"}

@online{OEIS3010,
title = "OEIS A003010: A Lucas-Lehmer sequence: $a(0) = 4$; for $n > 0$, $a(n) = a(n-1)^2 - 2$",
url = "https://oeis.org/A003010"}

@online{OEIS18844,
title = "OEIS A018844: Arises from generalized Lucas-Lehmer test for primality",
url = "https://oeis.org/A018844"}

